<?xml version="1.0" encoding="UTF-8"?><collection xmlns="http://www.loc.gov/MARC21/slim"><record><leader>00338nam--2200121-i-4500</leader><controlfield tag="001">000002892</controlfield><controlfield tag="002">20161230</controlfield><controlfield tag="005">20161230201025</controlfield><controlfield tag="008">060222s1000------------r-----000-0-eng-d</controlfield><datafield ind1=" " ind2=" " tag="100"><subfield code="a">Crowther, J.G</subfield></datafield><datafield ind1=" " ind2=" " tag="245"><subfield code="a">Discoveries and inventations of the 20th century. fourth edition</subfield></datafield><datafield ind1=" " ind2=" " tag="260"><subfield code="a">London, Routlege &amp; Kegan Paul, 1955</subfield></datafield><datafield ind1=" " ind2=" " tag="490"><subfield code="a">Xvii+432p</subfield></datafield></record></collection>